<?xml version="1.0" encoding="UTF-8"?>
  <record xmlns="http://www.loc.gov/MARC21/slim" type="Authority">
    <leader>00000nz  a2200000nc 4500</leader>
    <controlfield tag="001">116678909</controlfield>
    <controlfield tag="003">DE-101</controlfield>
    <controlfield tag="005">20220329102005.0</controlfield>
    <controlfield tag="008">960325n||azznnaabn           | aaa    |c</controlfield>
    <datafield tag="024" ind1="7" ind2=" ">
      <subfield code="a">116678909</subfield>
      <subfield code="0">http://d-nb.info/gnd/116678909</subfield>
      <subfield code="2">gnd</subfield>
    </datafield>
    <datafield tag="035" ind1=" " ind2=" ">
      <subfield code="a">(DE-101)116678909</subfield>
    </datafield>
    <datafield tag="035" ind1=" " ind2=" ">
      <subfield code="a">(DE-588)116678909</subfield>
    </datafield>
    <datafield tag="035" ind1=" " ind2=" ">
      <subfield code="z">(DE-588)1089317220</subfield>
    </datafield>
    <datafield tag="035" ind1=" " ind2=" ">
      <subfield code="z">(DE-588a)116678909</subfield>
      <subfield code="9">v:zg</subfield>
    </datafield>
    <datafield tag="035" ind1=" " ind2=" ">
      <subfield code="z">(DE-588c)4538462-9</subfield>
      <subfield code="9">v:zg</subfield>
    </datafield>
    <datafield tag="040" ind1=" " ind2=" ">
      <subfield code="a">DE-611</subfield>
      <subfield code="c">DE-611</subfield>
      <subfield code="9">r:DE-611</subfield>
      <subfield code="b">ger</subfield>
      <subfield code="d">2214</subfield>
    </datafield>
    <datafield tag="042" ind1=" " ind2=" ">
      <subfield code="a">gnd1</subfield>
    </datafield>
    <datafield tag="043" ind1=" " ind2=" ">
      <subfield code="c">XA-DE</subfield>
    </datafield>
    <datafield tag="065" ind1=" " ind2=" ">
      <subfield code="a">16.5p</subfield>
      <subfield code="2">sswd</subfield>
    </datafield>
    <datafield tag="075" ind1=" " ind2=" ">
      <subfield code="b">p</subfield>
      <subfield code="2">gndgen</subfield>
    </datafield>
    <datafield tag="075" ind1=" " ind2=" ">
      <subfield code="b">piz</subfield>
      <subfield code="2">gndspec</subfield>
    </datafield>
    <datafield tag="079" ind1=" " ind2=" ">
      <subfield code="a">g</subfield>
      <subfield code="q">z</subfield>
      <subfield code="q">a</subfield>
      <subfield code="q">f</subfield>
      <subfield code="q">s</subfield>
      <subfield code="q">h</subfield>
      <subfield code="u">k</subfield>
      <subfield code="u">v</subfield>
      <subfield code="u">o</subfield>
    </datafield>
    <datafield tag="100" ind1="0" ind2=" ">
      <subfield code="a">Rudolf August</subfield>
      <subfield code="c">Braunschweig-Lüneburg, Herzog</subfield>
      <subfield code="d">1627-1704</subfield>
    </datafield>
    <datafield tag="375" ind1=" " ind2=" ">
      <subfield code="a">1</subfield>
      <subfield code="2">iso5218</subfield>
    </datafield>
    <datafield tag="400" ind1="0" ind2=" ">
      <subfield code="a">Rudolph August</subfield>
      <subfield code="c">Braunschweig-Lüneburg, Herzog</subfield>
      <subfield code="d">1627-1704</subfield>
    </datafield>
    <datafield tag="400" ind1="0" ind2=" ">
      <subfield code="a">Rudolph August</subfield>
      <subfield code="c">Braunschweig, Herzog</subfield>
      <subfield code="d">1627-1704</subfield>
    </datafield>
    <datafield tag="400" ind1="0" ind2=" ">
      <subfield code="a">Rudolf August</subfield>
      <subfield code="c">Braunschweig, Herzog</subfield>
      <subfield code="d">1627-1704</subfield>
      <subfield code="9">v:Europ. Stammtafeln Bd. 1.72</subfield>
    </datafield>
    <datafield tag="400" ind1="0" ind2=" ">
      <subfield code="a">Rudolph August</subfield>
      <subfield code="c">Braunschweig-Wolfenbüttel, Herzog</subfield>
      <subfield code="d">1627-1704</subfield>
    </datafield>
    <datafield tag="400" ind1="0" ind2=" ">
      <subfield code="a">Rudolff August</subfield>
      <subfield code="c">Braunschweig-Wolfenbüttel, Herzog</subfield>
      <subfield code="d">1627-1704</subfield>
    </datafield>
    <datafield tag="400" ind1="0" ind2=" ">
      <subfield code="a">Rudolph-Augustus</subfield>
      <subfield code="c">Braunschweig-Wolfenbüttel, Herzog</subfield>
      <subfield code="d">1627-1704</subfield>
    </datafield>
    <datafield tag="400" ind1="0" ind2=" ">
      <subfield code="a">Rudolff-August</subfield>
      <subfield code="c">Brunswieg und Lunäburg, Herzog</subfield>
      <subfield code="d">1627-1704</subfield>
    </datafield>
    <datafield tag="400" ind1="0" ind2=" ">
      <subfield code="a">Rudolph-Augustus</subfield>
      <subfield code="c">Braunschweig-Lüneburg, Herzog</subfield>
      <subfield code="d">1627-1704</subfield>
    </datafield>
    <datafield tag="400" ind1="0" ind2=" ">
      <subfield code="a">Rudolphus-Augustus</subfield>
      <subfield code="c">Braunschweig-Lüneburg, Herzog</subfield>
      <subfield code="d">1627-1704</subfield>
    </datafield>
    <datafield tag="400" ind1="0" ind2=" ">
      <subfield code="a">Rudolphus Augustus</subfield>
      <subfield code="c">Brunsvicum-Luneburgum, Dux</subfield>
      <subfield code="d">1627-1704</subfield>
    </datafield>
    <datafield tag="400" ind1="0" ind2=" ">
      <subfield code="a">Rudolff August</subfield>
      <subfield code="c">Braunschweig-Lüneburg, Herzog</subfield>
      <subfield code="d">1627-1704</subfield>
    </datafield>
    <datafield tag="400" ind1="0" ind2=" ">
      <subfield code="a">Rodolphe Auguste</subfield>
      <subfield code="c">Bronsvic-Lunebourg, Duc</subfield>
      <subfield code="d">1627-1704</subfield>
    </datafield>
    <datafield tag="400" ind1="0" ind2=" ">
      <subfield code="a">Rudolff Augustus</subfield>
      <subfield code="c">Braunschweig und Lüneburg, Herzog</subfield>
      <subfield code="d">1627-1704</subfield>
    </datafield>
    <datafield tag="400" ind1="0" ind2=" ">
      <subfield code="a">Rudolff Augustus</subfield>
      <subfield code="c">Braunschweig-Lüneburg, Herzog</subfield>
      <subfield code="d">1627-1704</subfield>
    </datafield>
    <datafield tag="400" ind1="0" ind2=" ">
      <subfield code="a">Rudolph August</subfield>
      <subfield code="c">Brunsviga, Dux</subfield>
      <subfield code="d">1627-1704</subfield>
    </datafield>
    <datafield tag="400" ind1="0" ind2=" ">
      <subfield code="a">Rudolphus Augustus</subfield>
      <subfield code="c">Brunsvicensium et Lunaeburgensium, Dux</subfield>
      <subfield code="d">1627-1704</subfield>
    </datafield>
    <datafield tag="400" ind1="0" ind2=" ">
      <subfield code="a">Rudolphus Augustus</subfield>
      <subfield code="c">Brunsvicensium et Luneburgensium, Dux</subfield>
      <subfield code="d">1627-1704</subfield>
    </datafield>
    <datafield tag="400" ind1="0" ind2=" ">
      <subfield code="a">Rudolphus Augustus</subfield>
      <subfield code="c">Brunsvicensius &amp; Luneburgensius</subfield>
      <subfield code="d">1627-1704</subfield>
    </datafield>
    <datafield tag="400" ind1="0" ind2=" ">
      <subfield code="a">Rudolphus Augustus</subfield>
      <subfield code="c">Brunsvicensium, Dux</subfield>
      <subfield code="d">1627-1704</subfield>
    </datafield>
    <datafield tag="400" ind1="0" ind2=" ">
      <subfield code="a">Rudolph Augustus</subfield>
      <subfield code="c">Braunschweig und Lüneburg, Herzog</subfield>
      <subfield code="d">1627-1704</subfield>
    </datafield>
    <datafield tag="400" ind1="0" ind2=" ">
      <subfield code="a">Rudolf August</subfield>
      <subfield code="c">Braunschweig und Lüneburg, Herzog</subfield>
      <subfield code="d">1627-1704</subfield>
    </datafield>
    <datafield tag="400" ind1="0" ind2=" ">
      <subfield code="a">Rudolff August</subfield>
      <subfield code="c">Braunschweig und Lüneburg, Herzog</subfield>
      <subfield code="d">1627-1704</subfield>
    </datafield>
    <datafield tag="400" ind1="0" ind2=" ">
      <subfield code="a">Rudolff August</subfield>
      <subfield code="c">Braunschweig, Herzog</subfield>
      <subfield code="d">1627-1704</subfield>
    </datafield>
    <datafield tag="400" ind1="0" ind2=" ">
      <subfield code="a">Rudolph-Augustus</subfield>
      <subfield code="c">Bruns-Wieg und Lüneburg, Herzog</subfield>
      <subfield code="d">1627-1704</subfield>
    </datafield>
    <datafield tag="400" ind1="0" ind2=" ">
      <subfield code="a">Rodolphe Auguste</subfield>
      <subfield code="c">Bronsvic et Lunebourg, Duc</subfield>
      <subfield code="d">1627-1704</subfield>
    </datafield>
    <datafield tag="400" ind1="0" ind2=" ">
      <subfield code="a">Rudolphus Augustus</subfield>
      <subfield code="c">von Braunschweig</subfield>
      <subfield code="d">1627-1704</subfield>
    </datafield>
    <datafield tag="400" ind1="0" ind2=" ">
      <subfield code="a">Rudolph August</subfield>
      <subfield code="c">Braunschweig und Lüneburg, Herzog</subfield>
      <subfield code="d">1627-1704</subfield>
    </datafield>
    <datafield tag="400" ind1="0" ind2=" ">
      <subfield code="a">Rudolph August</subfield>
      <subfield code="c">Braunschweig Lüneburg Wolfenbüttel, Herzog</subfield>
      <subfield code="d">1627-1704</subfield>
    </datafield>
    <datafield tag="400" ind1="0" ind2=" ">
      <subfield code="a">Rudolphus-Augustus</subfield>
      <subfield code="c">Brunsvicum-Luneburgum, Dux</subfield>
      <subfield code="d">1627-1704</subfield>
    </datafield>
    <datafield tag="400" ind1="0" ind2=" ">
      <subfield code="a">Rudolph August</subfield>
      <subfield code="d">1627-1704</subfield>
    </datafield>
    <datafield tag="400" ind1="0" ind2=" ">
      <subfield code="a">Rudolphus Augustus</subfield>
      <subfield code="c">Brunovicensium et Luneburgensium, Dux</subfield>
      <subfield code="d">1627-1704</subfield>
    </datafield>
    <datafield tag="400" ind1="0" ind2=" ">
      <subfield code="a">Rudolphus Augustus</subfield>
      <subfield code="c">Brunovicensium et Lunaeburgensium, Dux</subfield>
      <subfield code="d">1627-1704</subfield>
    </datafield>
    <datafield tag="400" ind1="0" ind2=" ">
      <subfield code="a">Rudolphus Augustus</subfield>
      <subfield code="c">Brunsvicensium et Luneburgensium, Duc</subfield>
      <subfield code="d">1627-1704</subfield>
    </datafield>
    <datafield tag="400" ind1="0" ind2=" ">
      <subfield code="a">Rudolph August</subfield>
      <subfield code="c">Braunshweig und Luneburg, Herzog</subfield>
      <subfield code="d">1627-1704</subfield>
    </datafield>
    <datafield tag="400" ind1="0" ind2=" ">
      <subfield code="a">Rudolphus Augustus</subfield>
      <subfield code="c">Brunsvicensium ac Luneburgensium, Dux</subfield>
      <subfield code="d">1627-1704</subfield>
    </datafield>
    <datafield tag="400" ind1="0" ind2=" ">
      <subfield code="a">Rudolf August</subfield>
      <subfield code="c">Braunschweig-Wolfenbüttel, Herzog</subfield>
      <subfield code="d">1627-1704</subfield>
    </datafield>
    <datafield tag="500" ind1="0" ind2=" ">
      <subfield code="0">(DE-101)118505076</subfield>
      <subfield code="0">(DE-588)118505076</subfield>
      <subfield code="0">https://d-nb.info/gnd/118505076</subfield>
      <subfield code="a">August</subfield>
      <subfield code="c">Braunschweig-Lüneburg, Herzog, 1579-1666</subfield>
      <subfield code="d">1579-1666</subfield>
      <subfield code="4">bezf</subfield>
      <subfield code="4">https://d-nb.info/standards/elementset/gnd#familialRelationship</subfield>
      <subfield code="w">r</subfield>
      <subfield code="i">Beziehung familiaer</subfield>
      <subfield code="e">Beziehung familiaer</subfield>
      <subfield code="9">v:Vater</subfield>
    </datafield>
    <datafield tag="500" ind1="0" ind2=" ">
      <subfield code="0">(DE-101)104326433</subfield>
      <subfield code="0">(DE-588)104326433</subfield>
      <subfield code="0">https://d-nb.info/gnd/104326433</subfield>
      <subfield code="a">Christiane Elisabeth</subfield>
      <subfield code="c">Braunschweig-Lüneburg, Herzogin</subfield>
      <subfield code="d">1634-1681</subfield>
      <subfield code="4">bezf</subfield>
      <subfield code="4">https://d-nb.info/standards/elementset/gnd#familialRelationship</subfield>
      <subfield code="w">r</subfield>
      <subfield code="i">Beziehung familiaer</subfield>
      <subfield code="e">Beziehung familiaer</subfield>
      <subfield code="9">v:1. Ehefrau</subfield>
    </datafield>
    <datafield tag="500" ind1="0" ind2=" ">
      <subfield code="0">(DE-101)121402371</subfield>
      <subfield code="0">(DE-588)121402371</subfield>
      <subfield code="0">https://d-nb.info/gnd/121402371</subfield>
      <subfield code="a">Rosina Elisabeth</subfield>
      <subfield code="c">Braunschweig-Wolfenbüttel, Herzogin</subfield>
      <subfield code="d">1668-1701</subfield>
      <subfield code="4">bezf</subfield>
      <subfield code="4">https://d-nb.info/standards/elementset/gnd#familialRelationship</subfield>
      <subfield code="w">r</subfield>
      <subfield code="i">Beziehung familiaer</subfield>
      <subfield code="e">Beziehung familiaer</subfield>
      <subfield code="9">v:2. Ehefrau</subfield>
    </datafield>
    <datafield tag="548" ind1=" " ind2=" ">
      <subfield code="a">1627-1704</subfield>
      <subfield code="4">datl</subfield>
      <subfield code="4">https://d-nb.info/standards/elementset/gnd#dateOfBirthAndDeath</subfield>
      <subfield code="w">r</subfield>
      <subfield code="i">Lebensdaten</subfield>
    </datafield>
    <datafield tag="548" ind1=" " ind2=" ">
      <subfield code="a">16.05.1627-26.01.1704</subfield>
      <subfield code="4">datx</subfield>
      <subfield code="4">https://d-nb.info/standards/elementset/gnd#dateOfBirthAndDeath</subfield>
      <subfield code="w">r</subfield>
      <subfield code="i">Exakte Lebensdaten</subfield>
    </datafield>
    <datafield tag="551" ind1=" " ind2=" ">
      <subfield code="0">(DE-101)040251578</subfield>
      <subfield code="0">(DE-588)4025157-3</subfield>
      <subfield code="0">https://d-nb.info/gnd/4025157-3</subfield>
      <subfield code="a">Hitzacker (Elbe)</subfield>
      <subfield code="4">ortg</subfield>
      <subfield code="4">https://d-nb.info/standards/elementset/gnd#placeOfBirth</subfield>
      <subfield code="w">r</subfield>
      <subfield code="i">Geburtsort</subfield>
    </datafield>
    <datafield tag="551" ind1=" " ind2=" ">
      <subfield code="a">Hedwigsburg</subfield>
      <subfield code="4">orts</subfield>
      <subfield code="4">https://d-nb.info/standards/elementset/gnd#placeOfDeath</subfield>
      <subfield code="w">r</subfield>
      <subfield code="i">Sterbeort</subfield>
    </datafield>
    <datafield tag="667" ind1=" " ind2=" ">
      <subfield code="a">NDSBIO</subfield>
    </datafield>
    <datafield tag="667" ind1=" " ind2=" ">
      <subfield code="a">7</subfield>
    </datafield>
    <datafield tag="667" ind1=" " ind2=" ">
      <subfield code="a">12</subfield>
    </datafield>
    <datafield tag="667" ind1=" " ind2=" ">
      <subfield code="a">VD-17</subfield>
    </datafield>
    <datafield tag="667" ind1=" " ind2=" ">
      <subfield code="a">3</subfield>
    </datafield>
    <datafield tag="667" ind1=" " ind2=" ">
      <subfield code="a">VD-18</subfield>
    </datafield>
    <datafield tag="667" ind1=" " ind2=" ">
      <subfield code="a">HAB Wolfenbüttel</subfield>
    </datafield>
    <datafield tag="670" ind1=" " ind2=" ">
      <subfield code="a">Europ. Stammtafeln NF I,1 Taf. 24</subfield>
    </datafield>
    <datafield tag="670" ind1=" " ind2=" ">
      <subfield code="a">Provenienzmerkmal</subfield>
      <subfield code="b">Autogramm</subfield>
    </datafield>
    <datafield tag="670" ind1=" " ind2=" ">
      <subfield code="a">Provenienzmerkmal</subfield>
      <subfield code="b">Siegel</subfield>
    </datafield>
    <datafield tag="670" ind1=" " ind2=" ">
      <subfield code="a">Supellex epistolica Uffenbachii et Wolfiorum = Katalog der Uffenbach-Wolfschen Briefsammlung / hrsg. u. bearb. von Nilüfer Krüger. - Hamburg : Hauswedell, 1978. 2 Bde. - (Katalog der Handschriften der Staats- und Universitätsbibliothek Hamburg ; 8)</subfield>
    </datafield>
    <datafield tag="670" ind1=" " ind2=" ">
      <subfield code="a">ADB</subfield>
      <subfield code="u">https://www.deutsche-biographie.de/sfz3126.html#adbcontent</subfield>
    </datafield>
    <datafield tag="670" ind1=" " ind2=" ">
      <subfield code="a">Wikipedia</subfield>
      <subfield code="u">https://de.wikipedia.org/wiki/Rudolf_August_(Braunschweig-Wolfenb%C3%BCttel)</subfield>
    </datafield>
    <datafield tag="672" ind1=" " ind2="0">
      <subfield code="a">Revid. Unter-Gerichts-Ordnung bey d. Resid. Stadt *. - [1677]</subfield>
    </datafield>
    <datafield tag="672" ind1=" " ind2="0">
      <subfield code="a">Rudolf Augusti, Herzog zu Braunschweig Resolution *</subfield>
    </datafield>
    <datafield tag="672" ind1=" " ind2="0">
      <subfield code="a">[Funebria Rudolph Augusts, Herzogs zu Braunschweig]</subfield>
    </datafield>
    <datafield tag="672" ind1=" " ind2="0">
      <subfield code="a">Fürstliche Verordnung ...  . - 1685</subfield>
    </datafield>
    <datafield tag="678" ind1=" " ind2=" ">
      <subfield code="b">regierte seit 1666 in Wolfenbüttel; heiratet 1650 Christiana Elisabeth von Barby-Mühlingen und 1681 Rosina Elisabeth Menthe</subfield>
    </datafield>
    <datafield tag="913" ind1=" " ind2=" ">
      <subfield code="S">pnd</subfield>
      <subfield code="i">5</subfield>
      <subfield code="a">Rudolf August &lt;Braunschweig-Lüneburg, Herzog&gt;</subfield>
      <subfield code="0">(DE-588a)116678909</subfield>
    </datafield>
  </record>
